<?xml version="1.0" encoding="UTF-8"?><collection xmlns="http://www.loc.gov/MARC21/slim"><record><leader>00484nam--2200169-i-4500</leader><controlfield tag="001">000006465</controlfield><controlfield tag="002">20161230</controlfield><controlfield tag="005">20170306152200</controlfield><controlfield tag="008">060222s1000------------r-----000-0-eng-d</controlfield><datafield ind1=" " ind2=" " tag="040"><subfield code="a">IFIN-HH</subfield></datafield><datafield ind1=" " ind2=" " tag="080"><subfield code="a">533.9.82.74</subfield></datafield><datafield ind1="1" ind2=" " tag="100"><subfield code="a">Brandstatter, J.J</subfield></datafield><datafield ind1="1" ind2="0" tag="245"><subfield code="a">An introduction to waves, rays and rotation in plasma media</subfield><subfield code="c">J.J. Brandstatter</subfield></datafield><datafield ind1=" " ind2=" " tag="260"><subfield code="a">New York, Mcgraw-hill Book Co., Inc., 1963</subfield></datafield><datafield ind1=" " ind2=" " tag="300"><subfield code="a">XIV + 690 P</subfield></datafield><datafield ind1=" " ind2=" " tag="852"><subfield code="a">19052</subfield><subfield code="c">533.9</subfield></datafield><datafield ind1=" " ind2=" " tag="CAT"><subfield code="a">SYS</subfield><subfield code="c">20170306</subfield><subfield code="h">152200</subfield></datafield></record></collection>